% Encoding: UTF-8
% vim:enc=utf-8:


This file was created with JabRef 2.1 beta 2.
Encoding: GB2312
% 添加参考文献
@article{beck2009generalised,
	title={Generalised information and entropy measures in physics},
	author={Beck, Christian},
	journal={Contemporary Physics},
	volume={50},
	number={4},
	pages={495--510},
	year={2009},
	publisher={Taylor \& Francis}
}


@article{bu2014galerkin,
	title={Galerkin finite element method for two-dimensional Riesz space fractional diffusion equations},
	author={Bu, Weiping and Tang, Yifa and Yang, Jiye},
	journal={Journal of Computational Physics},
	volume={276},
	pages={26--38},
	year={2014},
	publisher={Elsevier}
}


@article{bu2015finite,
	title={Finite difference/finite element method for two-dimensional space and time fractional Bloch--Torrey equations},
	author={Bu, Weiping and Tang, Yifa and Wu, Yingchuan and Yang, Jiye},
	journal={Journal of Computational Physics},
	volume={293},
	pages={264--279},
	year={2015},
	publisher={Elsevier}
}


@book{ying2005multilevel,
	title={A multilevel adaptive approach for computational cardiology},
	author={Ying, Wenjun},
	year={2005},
	publisher={Duke University}
}

@article{bueno2014fractional,
	title={Fractional diffusion models of cardiac electrical propagation: role of structural heterogeneity in dispersion of repolarization},
	author={Bueno-Orovio, Alfonso and Kay, David and Grau, Vicente and Rodriguez, Blanca and Burrage, Kevin},
	journal={Journal of The Royal Society Interface},
	volume={11},
	number={97},
	pages={20140352},
	year={2014},
	publisher={The Royal Society}
}

@article{bueno2014fourier,
	title={Fourier spectral methods for fractional-in-space reaction-diffusion equations},
	author={Bueno-Orovio, Alfonso and Kay, David and Burrage, Kevin},
	journal={BIT Numerical mathematics},
	volume={54},
	number={4},
	pages={937--954},
	year={2014},
	publisher={Springer}
}

@article{刘发旺2015分数阶偏微分方程数值方法及其应用,
	title={分数阶偏微分方程数值方法及其应用},
	author={刘发旺 , 庄平辉 },
	journal={科技出版社, 北京},
	pages={99--120},
	year={2015}
}

@article{valdes2006effective,
	title={Effective medium equation for fractional Cattaneo's diffusion and heterogeneous reaction in disordered porous media},
	author={Valdes-Parada, Francisco J and Ochoa-Tapia, J Alberto and Alvarez-Ramirez, Jose},
	journal={Physica A: Statistical Mechanics and its Applications},
	volume={369},
	number={2},
	pages={318--328},
	year={2006},
	publisher={Elsevier}
}

@article{liu2013numerical,
	title={A numerical method for the fractional Fitzhugh--Nagumo monodomain model},
	author={Liu, Fawang and Turner, Ian and Anh, Vo and Yang, Qianqian and Burrage, Kevin},
	journal={ANZIAM Journal},
	volume={54},
	pages={608--629},
	year={2013}
}

@article{cushman1994nonequilibrium,
	title={Nonequilibrium statistical mechanics of preasymptotic dispersion},
	author={Cushman, John H and Hu, Xiaolong and Ginn, Timothy R},
	journal={Journal of statistical physics},
	volume={75},
	number={5-6},
	pages={859--878},
	year={1994},
	publisher={Springer}
}

@article{zeng2014crank,
	title={A Crank--Nicolson ADI spectral method for a two-dimensional Riesz space fractional nonlinear reaction-diffusion equation},
	author={Zeng, Fanhai and Liu, Fawang and Li, Changpin and Burrage, Kevin and Turner, Ian and Anh, Vo},
	journal={SIAM Journal on Numerical Analysis},
	volume={52},
	number={6},
	pages={2599--2622},
	year={2014},
	publisher={SIAM}
}


@article{liu2013numerical,
	title={Numerical simulation for two-dimensional Riesz space fractional diffusion equations with a nonlinear reaction term},
	author={Liu, Fawang and Chen, Shiping and Turner, Ian and Burrage, Kevin and Anh, Vo},
	journal={Open Physics},
	volume={11},
	number={10},
	pages={1221--1232},
	year={2013},
	publisher={Versita}
}

@article{zhao2012fractional,
	title={Fractional difference/finite element approximations for the time--space fractional telegraph equation},
	author={Zhao, Zhengang and Li, Changpin},
	journal={Applied Mathematics and Computation},
	volume={219},
	number={6},
	pages={2975--2988},
	year={2012},
	publisher={Elsevier}
}

@article{liu2013numerical,
	title={Numerical simulation for two-dimensional Riesz space fractional diffusion equations with a nonlinear reaction term},
	author={Liu, Fawang and Chen, Shiping and Turner, Ian and Burrage, Kevin and Anh, Vo},
	journal={Open Physics},
	volume={11},
	number={10},
	pages={1221--1232},
	year={2013},
	publisher={Versita}
}

@article{meerschaert2008tempered,
	title={Tempered anomalous diffusion in heterogeneous systems},
	author={Meerschaert, Mark M and Zhang, Yong and Baeumer, Boris},
	journal={Geophysical Research Letters},
	volume={35},
	number={17},
	year={2008},
	publisher={Wiley Online Library}
}


@article{metzler2004restaurant,
	title={The restaurant at the end of the random walk: recent developments in the description of anomalous transport by fractional dynamics},
	author={Metzler, Ralf and Klafter, Joseph},
	journal={Journal of Physics A: Mathematical and General},
	volume={37},
	number={31},
	pages={R161},
	year={2004},
	publisher={IOP Publishing}
}

@article{liu2015semi,
	title={A semi-alternating direction method for a 2-D fractional FitzHugh--Nagumo monodomain model on an approximate irregular domain},
	author={Liu, Fawang and Zhuang, P and Turner, I and Anh, Vo and Burrage, Kevin},
	journal={Journal of Computational Physics},
	volume={293},
	pages={252--263},
	year={2015},
	publisher={Elsevier}
}

@article{klafter2005anomalous,
	title={Anomalous diffusion spreads its wings},
	author={Klafter, Joseph and Sokolov, Igor M},
	journal={Physics world},
	volume={18},
	number={8},
	pages={29},
	year={2005},
	publisher={IOP Publishing}
}

@article{bronstein2009transient,
	title={Transient anomalous diffusion of telomeres in the nucleus of mammalian cells},
	author={Bronstein, I and Israel, Y and Kepten, E and Mai, S and Shav-Tal, Yaron and Barkai, E and Garini, Y},
	journal={Physical review letters},
	volume={103},
	number={1},
	pages={018102},
	year={2009},
	publisher={APS}
}

@book{mandelbrot1983fractal,
	title={The fractal geometry of nature},
	author={Mandelbrot, Benoit B},
	volume={173},
	year={1983},
	publisher={WH freeman New York}
}



@article{baeumer2010tempered,
	title={Tempered stable L{\'e}vy motion and transient super-diffusion},
	author={Baeumer, Boris and Meerschaert, Mark M},
	journal={Journal of Computational and Applied Mathematics},
	volume={233},
	number={10},
	pages={2438--2448},
	year={2010},
	publisher={Elsevier}
}

@article{sabzikar2015tempered,
	title={Tempered fractional calculus},
	author={Sabzikar, Farzad and Meerschaert, Mark M and Chen, Jinghua},
	journal={Journal of Computational Physics},
	volume={293},
	pages={14--28},
	year={2015},
	publisher={Elsevier}
}

@article{zhang2012linking,
	title={Linking fluvial bed sediment transport across scales},
	author={Zhang, Yong and Meerschaert, Mark M and Packman, Aaron I},
	journal={Geophysical Research Letters},
	volume={39},
	number={20},
	year={2012},
	publisher={Wiley Online Library}
}

@article{rheinwald1973transmissible,
	title={A transmissible plasmid controlling camphor oxidation in Pseudomonas putida},
	author={Rheinwald, JG and Chakrabarty, AM and Gunsalus, IC},
	journal={Proceedings of the National Academy of Sciences},
	volume={70},
	number={3},
	pages={885--889},
	year={1973},
	publisher={National Acad Sciences}
}


@article{koponen1995analytic,
	title={Analytic approach to the problem of convergence of truncated L{\'e}vy flights towards the Gaussian stochastic process},
	author={Koponen, Ismo},
	journal={Physical Review E},
	volume={52},
	number={1},
	pages={1197},
	year={1995},
	publisher={APS}
}

@article{chakrabarty2011tempered,
	title={Tempered stable laws as random walk limits},
	author={Chakrabarty, Arijit and Meerschaert, Mark M},
	journal={Statistics \& Probability Letters},
	volume={81},
	number={8},
	pages={989--997},
	year={2011},
	publisher={Elsevier}
}


@article{barndorff1997processes,
	title={Processes of normal inverse Gaussian type},
	author={Barndorff-Nielsen, Ole E},
	journal={Finance and stochastics},
	volume={2},
	number={1},
	pages={41--68},
	year={1997},
	publisher={Springer}
}

@phdthesis{于妍妍2016(回火的)分数阶扩散方程的差分数值算法,
	title={(回火的)分数阶扩散方程的差分数值算法},
	author={于妍妍},
	year={2016},
	school={兰州大学}
}

@article{yu2017third,
	title={Third order difference schemes (without using points outside of the domain) for one sided space tempered fractional partial differential equations},
	author={Yu, Yanyan and Deng, Weihua and Wu, Yujiang and Wu, Jing},
	journal={Applied Numerical Mathematics},
	volume={112},
	pages={126--145},
	year={2017},
	publisher={Elsevier}
}

@article{wang2010direct,
	title={A direct O (N log2 N) finite difference method for fractional diffusion equations},
	author={Wang, Hong and Wang, Kaixin and Sircar, Treena},
	journal={Journal of Computational Physics},
	volume={229},
	number={21},
	pages={8095--8104},
	year={2010},
	publisher={Elsevier}
}

@phdthesis{邬小超2016回火反常运动粒子轨迹泛函分布的建模,
	title={(回火反常运动粒子轨迹泛函分布的建模},
	author={邬小超},
	year={2016},
	school={兰州大学}
}

@article{ervin2006variational,
	title={Variational formulation for the stationary fractional advection dispersion equation},
	author={Ervin, Vincent J and Roop, John Paul},
	journal={Numerical Methods for Partial Differential Equations: An International Journal},
	volume={22},
	number={3},
	pages={558--576},
	year={2006},
	publisher={Wiley Online Library}
}

@article{cartea2007fluid,
	title={Fluid limit of the continuous-time random walk with general L{\'e}vy jump distribution functions},
	author={Cartea, {\'A}lvaro and del-Castillo-Negrete, Diego},
	journal={Physical Review E},
	volume={76},
	number={4},
	pages={041105},
	year={2007},
	publisher={APS}
}

@article{zhang2018riesz,
	title={A Riesz basis Galerkin method for the tempered fractional Laplacian},
	author={Zhang, Zhijiang and Deng, Weihua and Karniadakis, George Em},
	journal={SIAM Journal on Numerical Analysis},
	volume={56},
	number={5},
	pages={3010--3039},
	year={2018},
	publisher={SIAM}
}

@article{li2016high,
	title={High order schemes for the tempered fractional diffusion equations},
	author={Li, Can and Deng, Weihua},
	journal={Advances in Computational Mathematics},
	volume={42},
	number={3},
	pages={543--572},
	year={2016},
	publisher={Springer}
}
@book{roop2004variational,
	title={Variational solution of the fractional advection dispersion equation},
	author={Roop, John Paul},
	year={2004},
	publisher={Clemson University}
}

@article{meerschaert2004finite,
	title={Finite difference approximations for fractional advection--dispersion flow equations},
	author={Meerschaert, Mark M and Tadjeran, Charles},
	journal={Journal of Computational and Applied Mathematics},
	volume={172},
	number={1},
	pages={65--77},
	year={2004},
	publisher={Elsevier}
}

@article{tadjeran2007second,
	title={A second-order accurate numerical method for the two-dimensional fractional diffusion equation},
	author={Tadjeran, Charles and Meerschaert, Mark M},
	journal={Journal of Computational Physics},
	volume={220},
	number={2},
	pages={813--823},
	year={2007},
	publisher={Elsevier}
}

@book{chan2007introduction,
	title={An introduction to iterative Toeplitz solvers},
	author={Chan, Raymond Hon-Fu and Jin, Xiao-Qing},
	volume={5},
	year={2007},
	publisher={SIAM}
}

@article{strang1986proposal,
	title={A proposal for Toeplitz matrix calculations},
	author={Strang, Gilbert},
	journal={Studies in Applied Mathematics},
	volume={74},
	number={2},
	pages={171--176},
	year={1986},
	publisher={Wiley Online Library}
}

@phdthesis{olkin1986linear,
	title={Linear and nonlinear deconvolution problems},
	author={Olkin, Julia Ann},
	year={1986},
	school={Rice University}
}

@article{chan1994circulant,
	title={Circulant preconditioners for Toeplitz-block matrices},
	author={Chan, Tony F and Olkin, Julia A},
	journal={Numerical Algorithms},
	volume={6},
	number={1},
	pages={89--101},
	year={1994},
	publisher={Springer}
}


@article{liu2013numerical,
	title={Numerical simulation for two-dimensional Riesz space fractional diffusion equations with a nonlinear reaction term},
	author={Liu, Fawang and Chen, Shiping and Turner, Ian and Burrage, Kevin and Anh, Vo},
	journal={Open Physics},
	volume={11},
	number={10},
	pages={1221--1232},
	year={2013},
	publisher={Versita}
}

@inproceedings{yang2009cuckoo,
	title={Cuckoo search via L{\'e}vy flights},
	author={Yang, Xin-She and Deb, Suash},
	booktitle={2009 World Congress on Nature \& Biologically Inspired Computing (NaBIC)},
	pages={210--214},
	year={2009},
	organization={IEEE}
}


@article{li2016high,
	title={High order schemes for the tempered fractional diffusion equations},
	author={Li, Can and Deng, Weihua},
	journal={Advances in Computational Mathematics},
	volume={42},
	number={3},
	pages={543--572},
	year={2016},
	publisher={Springer}
}

@article{yu2017third,
	title={Third order difference schemes (without using points outside of the domain) for one sided space tempered fractional partial differential equations},
	author={Yu, Yanyan and Deng, Weihua and Wu, Yujiang and Wu, Jing},
	journal={Applied Numerical Mathematics},
	volume={112},
	pages={126--145},
	year={2017},
	publisher={Elsevier}
}


@article{mantegna1994stochastic,
	title={Stochastic process with ultraslow convergence to a Gaussian: the truncated L{\'e}vy flight},
	author={Mantegna, Rosario N and Stanley, H Eugene},
	journal={Physical Review Letters},
	volume={73},
	number={22},
	pages={2946},
	year={1994},
	publisher={APS}
}

@article{dehghan2017fourth,
	title={Fourth-order numerical method for the space--time tempered fractional diffusion-wave equation},
	author={Dehghan, Mehdi and Abbaszadeh, Mostafa and Deng, Weihua},
	journal={Applied Mathematics Letters},
	volume={73},
	pages={120--127},
	year={2017},
	publisher={Elsevier}
}


@article{douglas1982numerical,
	title={Numerical methods for convection-dominated diffusion problems based on combining the method of characteristics with finite element or finite difference procedures},
	author={Douglas, Jr, Jim and Russell, Thomas F},
	journal={SIAM Journal on Numerical Analysis},
	volume={19},
	number={5},
	pages={871--885},
	year={1982},
	publisher={SIAM}
}

@book{chan2007introduction,
	title={An introduction to iterative Toeplitz solvers},
	author={Chan, Raymond Hon-Fu and Jin, Xiao-Qing},
	volume={5},
	year={2007},
	publisher={SIAM}
}

@book{jin2003developments,
	title={Developments and applications of block Toeplitz iterative solvers},
	author={Jin, Xiao-Qing},
	volume={2},
	year={2003},
	publisher={Springer Science \& Business Media}
}

@book{ng2004iterative,
	title={Iterative methods for Toeplitz systems},
	author={Ng, Michael K},
	year={2004},
	publisher={Numerical Mathematics and Scie}
}


@article{wang2011fast,
	title={A fast characteristic finite difference method for fractional advection--diffusion equations},
	author={Wang, Kaixin and Wang, Hong},
	journal={Advances in water resources},
	volume={34},
	number={7},
	pages={810--816},
	year={2011},
	publisher={Elsevier}
}

@article{chan1995best,
	title={Best-conditioned circulant preconditioners},
	author={Chan, Raymond H and Wong, CK},
	journal={Linear algebra and its applications},
	volume={218},
	pages={205--211},
	year={1995},
	publisher={Elsevier}
}

@article{chan1988optimal,
	title={An optimal circulant preconditioner for Toeplitz systems},
	author={Chan, Tony F},
	journal={SIAM journal on scientific and statistical computing},
	volume={9},
	number={4},
	pages={766--771},
	year={1988},
	publisher={SIAM}
}


@article{golub1996cf,
	title={CF van loan, Matrix Computations},
	author={Golub, Gene H},
	journal={The Johns Hopkins},
	year={1996}
}


@article{jin2006numerical,
	title={Numerical linear algebra and its applications},
	author={Jin, Xiao-qing},
	year={2006}
}

@book{saad2003iterative,
	title={Iterative methods for sparse linear systems},
	author={Saad, Yousef},
	volume={82},
	year={2003},
	publisher={siam}
}

@article{chan1992family,
	title={A family of block preconditioners for block systems},
	author={Chan, Raymond H and Jin, Xiao-Qing},
	journal={SIAM journal on scientific and statistical computing},
	volume={13},
	number={5},
	pages={1218--1235},
	year={1992},
	publisher={SIAM}
}

@article{lin2012bttb,
	title={BTTB preconditioners for BTTB systems},
	author={Lin, Fu-Rong and Wang, Chi-Xi},
	journal={Numerical Algorithms},
	volume={60},
	number={1},
	pages={153--167},
	year={2012},
	publisher={Springer}
}


@article{Guo2018Nonstandard,
	title={Nonstandard finite difference method for nonlinear Riesz space fractional reaction-diffusion equation.},
	author={ Cai, Li and Guo, Meifang and Li,Yiqiang and Ying,Wenjun},
	journal={International Journal of Numerical Analysis and Modeling},
	volume={16},
	number={1},
	pages={925--938},
	year={2019},
	publisher={Springer}
}

@article{liu2002unstructured,
	title={An unstructured mesh finite volume method for modelling saltwater intrusion into coastal aquifers},
	author={Liu, Fawang and Turner, Ian and Anh, Vo},
	journal={Korean Journal of Computational \& Applied Mathematics},
	volume={9},
	number={2},
	pages={391--407},
	year={2002},
	publisher={Springer}
}


@article{liu2003two,
	title={A two-dimensional finite volume method for transient simulation of time-and scale-dependent transport in heterogeneous aquifer systems},
	author={Liu, Fawang and Turner, Ian and Anh, Vo and Su, Ninghu},
	journal={Journal of Applied Mathematics and Computing},
	volume={11},
	number={1-2},
	pages={215--241},
	year={2003},
	publisher={Springer}
}

@article{LiuA,
	title={A finite volume simulation model for saturated–unsaturated flow and application to Gooburrum, Bundaberg, Queensland, Australia},
	author={Liu, F. and V.V. Anh and I. Turner and K. Bajracharya and W.J. Huxley and N. Su},
	journal={Applied Mathematical Modelling},
	volume={30},
	number={4},
	pages={352-366},
}


@article{cai2019nonstandard,
	title={NONSTANDARD FINITE DIFFERENCE METHOD FOR NONLINEAR RIESZ SPACE FRACTIONAL REACTION-DIFFUSION EQUATION.},
	author={Cai, Li and Guo, Meifang and Li, Yiqiang and Ying, Wenjun and Gao, Hao and Luo, Xiaoyu},
	journal={International Journal of Numerical Analysis \& Modeling},
	volume={16},
	number={6},
	year={2019}
}


@article{Temme1997Special,
	title={Special Functions: An Introduction to the Classical Functions of Mathematical Physics},
	author={Temme, Nico M. and Zwillinger, Daniel},
	journal={American Journal of Physics},
	volume={65},
	number={5},
	pages={452-453},
	year={1997},
}


@article{wang2019simulation,
	title={Simulation of action potential propagation based on the ghost structure method},
	author={Wang, Yongheng and Cai, Li and Luo, Xiaoyu and Ying, Wenjun and Gao, Hao},
	journal={Scientific reports},
	volume={9},
	number={1},
	pages={1--18},
	year={2019},
	publisher={Nature Publishing Group}
}

@article{Fitzhugh1961Impulses,
	title={Impulses And Physiological States In Theoretical Models Of Nerve Membrane},
	author={Fitzhugh, Richard},
	journal={Biophysical Journal},
	volume={1},
	number={6},
	pages={445-466},
	year={1961},
}


%%%%%%%%%%%%%%%%%%%%%%%%%%%%%

\cite{shuaiby2013finite,groenendaal2015cell,
	bernus2002computationally,ten2006comparison,nickerson2010cardiac}



@article{shuaiby2013finite,
	title={A finite Element Model for the electrical activity in human cardiac tissues},
	author={Shuaiby, Shuaiby M and Hassan, MA and Sharkawy, Abdel-Badie and Gad, Abdel-Rasoul MM},
	journal={J. Ecol. Heal. Environ},
	volume={1},
	number={1},
	pages={25--33},
	year={2013}
}

@article{groenendaal2015cell,
	title={Cell-specific cardiac electrophysiology models},
	author={Groenendaal, Willemijn and Ortega, Francis A and Kherlopian, Armen R and Zygmunt, Andrew C and Krogh-Madsen, Trine and Christini, David J},
	journal={PLoS computational biology},
	volume={11},
	number={4},
	pages={e1004242},
	year={2015},
	publisher={Public Library of Science}
}


@article{bernus2002computationally,
	title={A computationally efficient electrophysiological model of human ventricular cells},
	author={Bernus, Olivier and Wilders, Ronald and Zemlin, Christian W and Verschelde, Henri and Panfilov, Alexander V},
	journal={American Journal of Physiology-Heart and Circulatory Physiology},
	volume={282},
	number={6},
	pages={H2296--H2308},
	year={2002},
	publisher={American Physiological Society Bethesda, MD}
}


@article{ten2006comparison,
	title={Comparison of electrophysiological models for human ventricular cells and tissues},
	author={Ten Tusscher, Kirsten HWJ and Bernus, Olivier and Panfilov, Alexander V and others},
	journal={Progress in biophysics and molecular biology},
	volume={90},
	number={1-3},
	pages={326--345},
	year={2006},
	publisher={Elsevier}
}


@incollection{nickerson2010cardiac,
	title={Cardiac Cellular Electrophysiological Modeling},
	author={Nickerson, David P and Hunter, Peter J},
	booktitle={Cardiac Electrophysiology Methods and Models},
	pages={135--158},
	year={2010},
	publisher={Springer}
}



%%%%%%%%%%%%%%%%%%%%%%%%%%%%%%%%%%%%%%%%%%%%%%%%%%%%%%%%%%%%%%%%%%%%%%%
@article{van1928lxxii,
	title={LXXII. The heartbeat considered as a relaxation oscillation, and an electrical model of the heart},
	author={Van Der Pol, Balth and Van Der Mark, Jan},
	journal={The London, Edinburgh, and Dublin Philosophical Magazine and Journal of Science},
	volume={6},
	number={38},
	pages={763--775},
	year={1928},
	publisher={Taylor \& Francis}
}

@article{hodgkin1952quantitative,
	title={A quantitative description of membrane current and its application to conduction and excitation in nerve},
	author={Hodgkin, Alan L and Huxley, Andrew F},
	journal={The Journal of physiology},
	volume={117},
	number={4},
	pages={500--544},
	year={1952},
	publisher={Wiley Online Library}
}



@article{fitzhugh1961impulses,
	title={Impulses and physiological states in theoretical models of nerve membrane},
	author={FitzHugh, Richard},
	journal={Biophysical journal},
	volume={1},
	number={6},
	pages={445--466},
	year={1961},
	publisher={Elsevier}
}

@article{van1980computer,
	title={Computer simulation of arrhythmias in a network of coupled excitable elements.},
	author={Van Capelle, FJ and Durrer, Dirk},
	journal={Circulation Research},
	volume={47},
	number={3},
	pages={454--466},
	year={1980},
	publisher={Am Heart Assoc}
}

